@book{eeg,
  author    = {Ingmar Wellach}, 
  title     = {Praxisbuch EEG},
  publisher = {Thiem},
  year      = 2015,
  address   = {Stuttgart},
  edition   = 2,
  pages		= {56-58},
}
@online{OBS,
	author = {Warchamp7},
	title = {OBS Studio Quickstart },
	url = {https://obsproject.com/wiki/OBS-Studio-Quickstart},
	urldate = {2018-02-20}
}
@online{C_Foundation,
	author = {Standard C++ Foundation},
	title = {Coding Standards },
	url = {isocpp.org/wiki/faq/coding-standards},
	urldate = {2018-02-25}
}
@online{HIC,
	author = {perforce},
	title = {High Integrity C++ Coding Standard },
	url = {http://www.codingstandard.com/section/index/},
	urldate = {2018-02-25}
}
@online{HIC_1,
	author = {perforce},
	title = {Types },
	url = {http://www.codingstandard.com/section/3-5-types/},
	urldate = {2018-02-25}
}
@online{HIC_2,
	author = {perforce},
	title = {Array-to-pointer conversion},
	url = {http://www.codingstandard.com/section/4-1-array-to-pointer-conversion/},
	urldate = {2018-02-25}
}

@online{HIC_3,
	author = {perforce},
	title = {Do not convert from a base class to a derived class},
	url = {www.codingstandard.com/rule/5-4-3-do-not-convert-from-a-base-class-to-a-derived-class/},
	urldate = {2018-02-25}
}
@online{HIC_4,
	author = {perforce},
	title = {Implement a loop that only uses element values as a range-based loop},
	url = {www.codingstandard.com/rule/6-2-1-implement-a-loop-that-only-uses-element-values-as-a-range-based-loop/},
	urldate = {2018-02-25}
}
@online{HIC_5,
	author = {perforce},
	title = {Virtual functions},
	url = {www.codingstandard.com/section/10-2-virtual-functions/},
	urldate = {2018-02-25}
}
@online{HOW_Update,
	author = {zeja},
	title = {Updatefunktion programmieren},
	url = {www.tutorials.de/threads/updatefunktion-programmieren.299104/},
	urldate = {2018-02-26}
}
@online{Installer_1,
	author = {nordboard},
	title = {Was passiert eigentlich bei einer Installation (1)?},
	url = {www.nordbord.de/info2go/detailseite/info2go/was-passiert-eigentlich-bei-einer-installation},
	urldate = {2018-09-03}
}
@online{Installer_2,
	author = {nordboard},
	title = {Was passiert eigentlich bei einer Installation (2)?},
	url = {www.nordbord.de/info2go/detailseite/info2go/was-passiert-eigentlich-bei-einer-installation-2},
	urldate = {2018-09-03}
}
@online{InstallerFramework1,
	author = {Qt Company},
	title = {Initial Installation},
	url = {doc.qt.io/qtinstallerframework/ifw-use-cases-install.html},
	urldate = {2018-09-03}
}
@online{InstallerFramework2,
	author = {Qt Company},
	title = {Tutorial: Creating an Installer},
	url = {doc.qt.io/qtinstallerframework/ifw-tutorial.html},
	urldate = {2018-09-03}
}
@online{CreateICO,
	author = {PhotoAdvanced},
	title = {Create ico files (Windows Icons) - GIMP 2.8 Tutorial},
	url = {www.youtube.com/watch?v=fkuZqJCFaog},
	urldate = {2018-09-03}
}
@online{SetICO,
	author = {Qt Company},
	title = {Setting the Application Icon},
	url = {http://doc.qt.io/archives/qt-4.8/appicon.html},
	urldate = {2018-09-03}
}
@conference{fsf,
author="Tanaka, Hisaya and Sakata, Hiromi",
pages ={623-627},
editor={Stephanidis, Suan},
title={Measurement of the Characteristics for BCI by SSVEP},
booktitle={HCI International 2013 - Posters' Extended Abstracts: International Conference, HCI International 2013, Las Vegas, NV, USA, July 21-26, 2013, Proceedings, Part I},
year=2013,
publisher="Springer Berlin Heidelberg",
}
@online{Dll_1,
	author = {Qt Company},
	title = {Erstellen einer Shared-Library},
	url = {http://doc.qt.io/qt-5/sharedlibrary.html},
	urldate = {2018-04-03}
}
@online{Dll_2,
	author = {Qt Company},
	title = {Einbinden einer Shared-Library},
	url = {https://wiki.qt.io/How_to_link_to_a_dll},
	urldate = {2018-04-03}
}
@online{Dll_3,
	author = {Microsoft},
	title = {Dll's in Visual Studio},
	url = {https://docs.microsoft.com/de-de/cpp/build/walkthrough-creating-and-using-a-dynamic-link-library-cpp},
	urldate = {2018-04-03}
}
@online{Dll_4,
	author = {VoidRealms},
	title = {Videotutorial für das erstellen einer Shared-Library},
	url = {https://www.youtube.com/watch?v=ZewJ4iHQvXY},
	urldate = {2018-04-03}
}
@online{Dll_5,
	author = {VoidRealms},
	title = {Videotutorial für das einbinden einer Shared-Library},
	url = {https://www.youtube.com/watch?v=9JTooLxhmC0},
	urldate = {2018-04-03}
}
@book{usability,
	author    = {G. Calvary, J. Coutaz, D. Thevenin}, 
	title     = {Cameleon Reference Framework},
	year      = 2002,
	pages		= {44-47},
}
@online{arc42,
	author = {Dr. Peter Hruschka, Dr. Gernot Starke},
	title = {DokChess als Beispiel für arc42},
	url = {http://www.dokchess.de/dokchess/arc42/index.html},
	urldate = {2018-10-07}
}
@Misc{DIN1,
	author = {Deutsches Institut für Normung},
	Title = {Ergonomie der Mensch-System-Interaktion - Teil 11: Gebrauchstauglichkeit: Begriffe und Konzepte (ISO/DIS 9241-11.2:2016)},
	Month = jan,
	Year = {2017},
	Number = {DIN EN ISO 9241-11},
	Type = {Norm}
}
@Misc{DIN2,
	author = {Deutsches Institut für Normung},
Title = {Ergonomie der Mensch-System-Interaktion - Teil 110: Grundsätze der Dialoggestaltung (ISO/DIS 9241-110:2006)},
Month = sep,
Year = {2008},
Number = {DIN EN ISO 9241-110},
Type = {Norm}
}